<record><leader>00000cas a2200000 a 4500</leader><controlfield tag="001">11231015</controlfield><controlfield tag="008">841005d19091909ksudr ne      0   a0eng d</controlfield><datafield ind1=" " ind2=" " tag="010"><subfield code="a">sn 84029842 </subfield></datafield><datafield ind1=" " ind2=" " tag="040"><subfield code="a">KSH</subfield><subfield code="b">eng</subfield><subfield code="c">KSH</subfield><subfield code="d">NPT</subfield><subfield code="d">OCL</subfield><subfield code="d">OCLCQ</subfield></datafield><datafield ind1=" " ind2=" " tag="042"><subfield code="a">msc</subfield></datafield><datafield ind1="0" ind2=" " tag="130"><subfield code="a">Daily clarion (Dodge City, Kan.)</subfield></datafield><datafield ind1="1" ind2="4" tag="245"><subfield code="a">The daily clarion.</subfield></datafield><datafield ind1=" " ind2=" " tag="260"><subfield code="a">Dodge City, Kan. :</subfield><subfield code="b">J.A. Cline,</subfield><subfield code="c">1909.</subfield></datafield><datafield ind1=" " ind2=" " tag="300"><subfield code="a">1 v. ;</subfield><subfield code="c">41 cm.</subfield></datafield><datafield ind1=" " ind2=" " tag="310"><subfield code="a">Daily</subfield></datafield><datafield ind1="0" ind2=" " tag="362"><subfield code="a">Vol. 1, no. 1 (Apr. 26, 1909)-v. 1, no. 42 (June 14, 1909).</subfield></datafield><datafield ind1=" " ind2=" " tag="500"><subfield code="a">Published by Belle Sanders, May 18-June 14, 1909.</subfield></datafield><datafield ind1=" " ind2=" " tag="752"><subfield code="a">United States</subfield><subfield code="b">Kansas</subfield><subfield code="c">Ford</subfield><subfield code="d">Dodge City.</subfield></datafield></record>